%% This BibTeX bibliography file was created using BibDesk.
%% https://bibdesk.sourceforge.io/

%% Created for Emma Vališová at 2021-09-20 19:29:46 +0200 


%% Saved with string encoding Unicode (UTF-8) 



@inproceedings{bechdelwiki,
	author = {Wagner, Claudia and Garcia, David and Jadidi, Mohsen and Strohmaier, Markus},
	booktitle = {ICWSM},
	date-added = {2021-09-20 19:28:31 +0200},
	date-modified = {2021-09-20 19:29:46 +0200},
	title = {It's a Man's Wikipedia? Assessing Gender Inequality in an Online Encyclopedia},
	year = {2015}}

@inproceedings{bechdeltwitter,
	author = {Garcia, David and Weber, Ingmar and Rama, Venkata and Garimella, Kiran},
	booktitle = {ICWSM},
	date-added = {2021-09-20 19:19:12 +0200},
	date-modified = {2021-09-20 19:20:16 +0200},
	title = {Gender Asymmetries in Reality and Fiction: The Bechdel Test of Social Media},
	year = {2014}}

@webpage{vol,
	author = {{Voltron: Legendary Defender Wiki}},
	date-added = {2021-09-20 17:22:18 +0200},
	date-modified = {2021-09-20 17:41:28 +0200},
	title = {VOL Transcripts},
	url = {https://vld.fandom.com/wiki/Category:Episode_Transcripts},
	Bdsk-Url-1 = {https://vld.fandom.com/wiki/Category:Episode_Transcripts}}

@webpage{stu,
	author = {{Steven Universe Wiki}},
	date-added = {2021-09-20 17:22:14 +0200},
	date-modified = {2021-09-20 17:52:17 +0200},
	title = {STU Transcripts},
	url = {https://steven-universe.fandom.com/wiki/Category:Transcripts},
	Bdsk-Url-1 = {https://steven-universe.fandom.com/wiki/Category:Transcripts}}

@webpage{spo,
	author = {{SpongeBob SquarePants Wiki}},
	date-added = {2021-09-20 17:22:09 +0200},
	date-modified = {2021-09-20 17:51:38 +0200},
	title = {SPO Transcripts},
	url = {https://spongebob.fandom.com/wiki/List_of_transcripts},
	Bdsk-Url-1 = {https://spongebob.fandom.com/wiki/List_of_transcripts}}

@webpage{she,
	author = {{She-Ra and the Princesses of Power Wiki}},
	date-added = {2021-09-20 17:22:05 +0200},
	date-modified = {2021-09-20 17:51:14 +0200},
	title = {SHE Transcripts},
	url = {https://she-raandtheprincessesofpower.fandom.com/wiki/Category:Transcripts},
	Bdsk-Url-1 = {https://she-raandtheprincessesofpower.fandom.com/wiki/Category:Transcripts}}

@webpage{ram,
	author = {{Rick and Morty Wiki}},
	date-added = {2021-09-20 17:21:52 +0200},
	date-modified = {2021-09-20 17:50:32 +0200},
	title = {RAM Transcripts},
	url = {https://rickandmorty.fandom.com/wiki/Category:Transcripts},
	Bdsk-Url-1 = {https://rickandmorty.fandom.com/wiki/Category:Transcripts}}

@webpage{ppg,
	author = {{The Powerpuff Girls Wiki}},
	date-added = {2021-09-20 17:21:49 +0200},
	date-modified = {2021-09-20 17:50:04 +0200},
	title = {PPG Transcripts},
	url = {https://powerpuffgirls.fandom.com/wiki/Category:Transcripts},
	Bdsk-Url-1 = {https://powerpuffgirls.fandom.com/wiki/Category:Transcripts}}

@webpage{owl,
	author = {{The Owl House Wiki}},
	date-added = {2021-09-20 17:21:44 +0200},
	date-modified = {2021-09-20 17:49:40 +0200},
	title = {OWL Transcripts},
	url = {https://theowlhouse.fandom.com/wiki/Category:Transcripts},
	Bdsk-Url-1 = {https://theowlhouse.fandom.com/wiki/Category:Transcripts}}

@webpage{mlp,
	author = {{My Little Pony: Friendship is Magic Wiki}},
	date-added = {2021-09-20 17:21:40 +0200},
	date-modified = {2021-09-20 17:49:10 +0200},
	title = {MLP Transcripts},
	url = {https://mlp.fandom.com/wiki/Category:Transcripts},
	Bdsk-Url-1 = {https://mlp.fandom.com/wiki/Category:Transcripts}}

@webpage{kor,
	author = {{Avatar: The Legend of Korra Wiki}},
	date-added = {2021-09-20 17:21:11 +0200},
	date-modified = {2021-09-20 17:48:10 +0200},
	title = {KOR Transcripts},
	url = {https://avatar.fandom.com/wiki/Category:The_Legend_of_Korra_episode_transcripts},
	Bdsk-Url-1 = {https://avatar.fandom.com/wiki/Category:The_Legend_of_Korra_episode_transcripts}}

@webpage{gum,
	author = {{The Amazing World of Gumball Wiki}},
	date-added = {2021-09-20 17:21:07 +0200},
	date-modified = {2021-09-20 17:47:33 +0200},
	title = {GUM Transcripts},
	url = {https://theamazingworldofgumball.fandom.com/wiki/Category:Transcripts},
	Bdsk-Url-1 = {https://theamazingworldofgumball.fandom.com/wiki/Category:Transcripts}}

@webpage{gra,
	author = {{Gravity Falls Wiki}},
	date-added = {2021-09-20 17:21:03 +0200},
	date-modified = {2021-09-20 17:47:05 +0200},
	title = {GRA Transcripts},
	url = {https://gravityfalls.fandom.com/wiki/Category:Transcripts},
	Bdsk-Url-1 = {https://gravityfalls.fandom.com/wiki/Category:Transcripts}}

@webpage{fut,
	author = {{Futurama Wiki}},
	date-added = {2021-09-20 17:20:58 +0200},
	date-modified = {2021-09-20 17:44:30 +0200},
	title = {FUT Transcripts},
	url = {https://theinfosphere.org/Episode_Transcript_Listing},
	Bdsk-Url-1 = {https://theinfosphere.org/Episode_Transcript_Listing}}

@webpage{duc,
	author = {{DuckTales Wiki}},
	date-added = {2021-09-20 17:20:14 +0200},
	date-modified = {2021-09-20 17:46:25 +0200},
	title = {DUC Transcripts},
	url = {https://ducktales.fandom.com/wiki/Category:Transcripts},
	Bdsk-Url-1 = {https://ducktales.fandom.com/wiki/Category:Transcripts}}

@webpage{clw,
	author = {{Transcripts Wiki}},
	date-added = {2021-09-20 17:20:08 +0200},
	date-modified = {2021-09-20 17:46:03 +0200},
	title = {CLW Transcripts},
	url = {https://transcripts.fandom.com/wiki/Star_Wars:_The_Clone_Wars},
	Bdsk-Url-1 = {https://transcripts.fandom.com/wiki/Star_Wars:_The_Clone_Wars}}

@webpage{atl,
	author = {{Avatar: The Last Airbender Wiki}},
	date-added = {2021-09-20 17:19:48 +0200},
	date-modified = {2021-09-20 17:42:00 +0200},
	title = {ATL Transcripts},
	url = {https://avatar.fandom.com/wiki/Avatar_Wiki:Transcripts},
	Bdsk-Url-1 = {https://avatar.fandom.com/wiki/Avatar_Wiki:Transcripts}}

@webpage{adv,
	author = {{Adventure Time Wiki}},
	date-added = {2021-09-20 17:18:01 +0200},
	date-modified = {2021-09-20 17:41:38 +0200},
	title = {ADV Transcripts},
	url = {https://adventuretime.fandom.com/wiki/Category:Transcripts},
	Bdsk-Url-1 = {https://adventuretime.fandom.com/wiki/Category:Transcripts}}

@webpage{pacificrim,
	author = {McGuinness, Ross},
	date-added = {2021-09-16 15:01:43 +0200},
	date-modified = {2021-09-16 15:02:49 +0200},
	month = {July},
	title = {The Bechdel test and why Hollywood is a man's, man's, man's world},
	url = {https://metro.co.uk/2013/07/18/movie-lovers-hit-back-at-hollywood-misogyny-with-the-bechdel-test-3886103/},
	year = {2013},
	Bdsk-Url-1 = {https://metro.co.uk/2013/07/18/movie-lovers-hit-back-at-hollywood-misogyny-with-the-bechdel-test-3886103/}}

@webpage{glaad,
	author = {Ferraro, Rich and Kane, Matt},
	date-added = {2021-09-16 14:56:43 +0200},
	date-modified = {2021-09-16 15:02:55 +0200},
	month = {08},
	title = {GLAAD Introduces 'Studio Responsibility Index,' Report on LGBT Images in Films Released by 'Big Six' Studios},
	url = {https://www.glaad.org/releases/glaad-introduces-studio-responsibility-index-report-lgbt-images-films-released-big-six},
	year = {2013},
	Bdsk-Url-1 = {https://www.glaad.org/releases/glaad-introduces-studio-responsibility-index-report-lgbt-images-films-released-big-six}}

@webpage{swedes,
	author = {{European Women's Audiovisual Network}},
	date-added = {2021-09-14 22:20:07 +0200},
	date-modified = {2021-09-15 15:25:42 +0200},
	title = {Swedish cinemas take aim at gender bias with Bechdel test rating},
	url = {https://www.theguardian.com/world/2013/nov/06/swedish-cinemas-bechdel-test-films-gender-bias},
	year = {2013},
	Bdsk-Url-1 = {https://www.theguardian.com/world/2013/nov/06/swedish-cinemas-bechdel-test-films-gender-bias}}

@inproceedings{otherbechdelresearch,
	author = {Agarval, Apoorv and Zheng, Jiehan and Kamath, Shruti Vasanth and Balasubramanian, Sriram and Dey, Shirin Ann},
	booktitle = {Association for Computational Linguistics},
	date-added = {2021-09-14 21:59:37 +0200},
	date-modified = {2021-09-14 22:01:42 +0200},
	title = {Key Female Characters in Film Have More to Talk About Besides Men: Automating the Bechdel Test},
	year = {2015}}

@webpage{testy,
	author = {Alison Bechdel},
	date-added = {2021-09-14 21:45:13 +0200},
	date-modified = {2021-09-15 15:24:45 +0200},
	month = {11},
	title = {Testy},
	url = {https://dykestowatchoutfor.com/testy/},
	year = {2013},
	Bdsk-Url-1 = {https://dykestowatchoutfor.com/testy/}}

@book{woolf,
	author = {Virginia Woolf},
	date-added = {2021-09-14 21:38:07 +0200},
	date-modified = {2021-09-14 22:28:41 +0200},
	publisher = {John Wiley and Sons, Ltd.},
	title = {A Room of One's Own},
	year = {1929}}

@inproceedings{baldwin,
	author = {Baldwin, Breck},
	date-added = {2021-09-14 14:44:16 +0200},
	date-modified = {2021-09-14 14:45:06 +0200},
	journal = {Proceedings of a Workshop on Operational Factors in Practical, Robust Anaphora Resolution for Unrestricted Texts},
	pages = {38-45},
	title = {Cogniac: High precision coreference with limited knowledge and linguistic resources},
	year = {1997}}

@article{lappin,
	author = {Lappin, Shalom and Leass, Herbert J.},
	date-added = {2021-09-14 14:37:46 +0200},
	date-modified = {2021-09-14 14:38:39 +0200},
	journal = {Computational Linguistics},
	title = {An Algorithm for Pronominal Anaphora Resolution},
	year = {1994}}

@book{jurafsky,
	author = {Jurafsky, Daniel and Martin, James},
	date-added = {2021-09-13 16:25:53 +0200},
	date-modified = {2021-09-13 16:27:14 +0200},
	keywords = {corenlp,coref},
	month = {02},
	title = {Speech and Language Processing: An Introduction to Natural Language Processing, Computational Linguistics, and Speech Recognition},
	volume = {2},
	year = {2008}}

@book{dictionary,
	author = {Crystal, David},
	date-added = {2021-09-13 13:29:12 +0200},
	date-modified = {2021-09-13 13:30:13 +0200},
	edition = {4th},
	publisher = {Cambridge, MA: Blackwell Publishing},
	title = {A dictionary of linguistics and phonetics},
	year = {1997}}

@article{bechdel,
	author = {Alison Bechdel},
	date-added = {2021-09-12 21:10:39 +0200},
	date-modified = {2021-09-12 21:15:21 +0200},
	journal = {Bechdel's Flickr},
	title = {Portion of "The Rule" in Dykes to Watch Out For},
	year = {circa 1985}}

@inproceedings{clark2016impr,
	author = {Clark, Kevin and Manning, Christopher D.},
	booktitle = {Association for Computational Linguistics (ACL)},
	date-added = {2021-08-20 20:52:50 +0300},
	date-modified = {2021-08-20 20:54:44 +0300},
	keywords = {corenlp,coref,corneu},
	title = {Improving Coreference Resolution by Learning Entity-Level Distributed Representations},
	year = {2016}}

@inproceedings{clark2016deep,
	author = {Clark, Kevin and Manning, Christopher D.},
	booktitle = {Empirical Methods on Natural Language Processing},
	date-added = {2021-08-20 20:52:10 +0300},
	date-modified = {2021-08-20 20:52:20 +0300},
	keywords = {corenlp,coref,corneu},
	title = {Deep Reinforcement Learning for Mention-Ranking Coreference Models},
	url = {https://nlp.stanford.edu/pubs/clark2016deep.pdf},
	year = {2016},
	Bdsk-Url-1 = {https://nlp.stanford.edu/pubs/clark2016deep.pdf}}

@inproceedings{raghunathan2010,
	author = {Raghunathan, Karthik and Lee, Heeyoung and Rangarajan, Sudarshan and Chambers, Nathanael and Surdeanu, Mihai and Jurafsky, Dan and Manning, Christopher},
	booktitle = {Empirical Methods in Natural Language Processing (EMNLP)},
	date-added = {2021-08-20 20:48:35 +0300},
	date-modified = {2021-08-20 20:51:17 +0300},
	keywords = {corenlp,coref},
	title = {A Multi-Pass Sieve for Coreference Resolution},
	year = {2010}}

@inproceedings{lee11conllst,
	author = {Heeyoung Lee and Yves Peirsman and Angel Chang and Nathanael Chambers and Mihai Surdeanu and Dan Jurafsky},
	booktitle = {Conference on Natural Language Learning (CoNLL) Shared Task},
	date-added = {2021-08-20 20:48:02 +0300},
	date-modified = {2021-08-20 20:51:04 +0300},
	keywords = {corenlp,coref},
	title = {Stanford's Multi-Pass Sieve Coreference Resolution System at the CoNLL-2011 Shared Task},
	url = {pubs/conllst2011-coref.pdf},
	year = {2011},
	Bdsk-Url-1 = {pubs/conllst2011-coref.pdf}}

@inproceedings{recasens_demarneffe_potts2013,
	author = {Marta Recasens and Marie-Catherine {de Marneffe} and Christopher Potts},
	booktitle = {North American Association for Computational Linguistics (NAACL)},
	date-added = {2021-08-20 20:47:32 +0300},
	date-modified = {2021-08-20 20:50:45 +0300},
	keywords = {corenlp,coref},
	title = {The Life and Death of Discourse Entities: Identifying Singleton Mentions},
	year = {2013}}

@inproceedings{clark2015entity,
	author = {Clark, Kevin and Manning, Christopher D.},
	booktitle = {Association for Computational Linguistics (ACL)},
	date-added = {2021-08-20 20:46:40 +0300},
	date-modified = {2021-08-20 20:51:57 +0300},
	keywords = {corenlp,coref,corstat},
	title = {Entity-Centric Coreference Resolution with Model Stacking},
	year = {2015}}

@inproceedings{schafer-etal-2012-fully,
	address = {Mumbai, India},
	author = {Sch{\"a}fer, Ulrich and Spurk, Christian and Steffen, J{\"o}rg},
	booktitle = {Proceedings of {COLING} 2012: Posters},
	date-added = {2021-08-02 13:11:18 +0200},
	date-modified = {2021-08-02 13:11:18 +0200},
	month = dec,
	pages = {1059--1070},
	publisher = {The COLING 2012 Organizing Committee},
	title = {A Fully Coreference-annotated Corpus of Scholarly Papers from the {ACL} {A}nthology},
	url = {https://aclanthology.org/C12-2103},
	year = {2012},
	Bdsk-Url-1 = {https://aclanthology.org/C12-2103}}

@book{zeisler,
	author = {Andi Zeisler},
	date-added = {2021-07-27 12:42:22 +0200},
	date-modified = {2021-07-27 12:44:59 +0200},
	publisher = {PublicAffairs},
	title = {We Were Feminists Once: From Riot Grrrl to CoverGirl, the Buying and Selling of a Political Movement.},
	year = {2016}}

@article{lee-Etal,
	author = {Heeyoung Lee and Angel Chang and Yves Peirsman and Nathanael Chambers and Mihai Surdeanu and Dan Jurafsky},
	date-added = {2021-07-21 10:49:45 +0200},
	date-modified = {2021-08-20 20:51:37 +0300},
	journal = {Computational Linguistics 39(4)},
	keywords = {corenlp,coref,cordet},
	title = {Deterministic coreference resolution based on entity-centric, precision-ranked rules},
	year = {2013}}

@inproceedings{manning-EtAl:2014:P14-5,
	author = {Manning, Christopher D. and Surdeanu, Mihai and Bauer, John and Finkel, Jenny and Bethard, Steven J. and McClosky, David},
	booktitle = {Association for Computational Linguistics (ACL) System Demonstrations},
	date-modified = {2021-08-20 20:50:21 +0300},
	keywords = {corenlp},
	pages = {55--60},
	title = {The {Stanford} {CoreNLP} Natural Language Processing Toolkit},
	url = {http://www.aclweb.org/anthology/P/P14/P14-5010},
	year = {2014},
	Bdsk-Url-1 = {http://www.aclweb.org/anthology/P/P14/P14-5010}}

@comment{BibDesk Static Groups{
<?xml version="1.0" encoding="UTF-8"?>
<!DOCTYPE plist PUBLIC "-//Apple//DTD PLIST 1.0//EN" "http://www.apple.com/DTDs/PropertyList-1.0.dtd">
<plist version="1.0">
<array>
	<dict>
		<key>group name</key>
		<string>wikis</string>
		<key>keys</key>
		<string>adv,atl,clw,duc,fut,gra,gum,kor,mlp,owl,ppg,ram,she,spo,stu,vol</string>
	</dict>
</array>
</plist>
}}
